


% circuits

@article{darwiche2002knowledge,
  title   = {A knowledge compilation map},
  author  = {Darwiche, Adnan and Marquis, Pierre},
  journal = {Journal of Artificial Intelligence Research},
  volume  = {17},
  pages   = {229--264},
  year    = {2002}
}


@article{darwiche2001tractable,
  title     = {On the tractable counting of theory models and its application to truth maintenance and belief revision},
  author    = {Darwiche, Adnan},
  journal   = {Journal of Applied Non-Classical Logics},
  volume    = {11},
  number    = {1-2},
  pages     = {11--34},
  year      = {2001},
  publisher = {Taylor \& Francis}
}


@article{darwiche2001decomposable,
  title     = {Decomposable negation normal form},
  author    = {Darwiche, Adnan},
  journal   = {Journal of the ACM (JACM)},
  volume    = {48},
  number    = {4},
  pages     = {608--647},
  year      = {2001},
  publisher = {ACM New York, NY, USA}
}

@article{darwiche2003differential,
  title     = {A differential approach to inference in Bayesian networks},
  author    = {Darwiche, Adnan},
  journal   = {Journal of the ACM},
  volume    = {50},
  number    = {3},
  pages     = {280--305},
  year      = {2003},
  publisher = {ACM New York, NY, USA}
}

@inproceedings{poon2011sum,
  title        = {Sum-product networks: A new deep architecture},
  author       = {Poon, Hoifung and Domingos, Pedro},
  booktitle    = {IEEE International Conference on Computer Vision Workshops},
  year         = {2011},
  organization = {IEEE}
}

@inproceedings{darwiche2011sdd,
  title     = {SDD: A new canonical representation of propositional knowledge bases},
  author    = {Darwiche, Adnan},
  booktitle = {IJCAI},
  year      = {2011}
}

@article{martens2014expressive,
  title   = {On the expressive efficiency of sum product networks},
  author  = {Martens, James and Medabalimi, Venkatesh},
  journal = {arXiv preprint arXiv:1411.7717},
  year    = {2014}
}

@inproceedings{peharz2015theoretical,
  title     = {On theoretical properties of sum-product networks},
  author    = {Peharz, Robert and Tschiatschek, Sebastian and Pernkopf, Franz and Domingos, Pedro},
  booktitle = {Artificial Intelligence and Statistics},
  year      = {2015}
}

@book{dennis2016algorithms,
  title     = {Algorithms for Learning the Structure of Monotone and Nonmonotone Sum-Product Networks},
  author    = {Dennis, Aaron W},
  year      = {2016},
  publisher = {Brigham Young University}
}

@article{maua2018robustifying,
  title     = {Robustifying sum-product networks},
  author    = {Mau{\'a}, Denis Deratani and Conaty, Diarmaid and Cozman, Fabio Gagliardi and Poppenhaeger, Katja and de Campos, Cassio Polpo},
  journal   = {International Journal of Approximate Reasoning},
  volume    = {101},
  pages     = {163--180},
  year      = {2018},
  publisher = {Elsevier}
}

@inproceedings{correia2019towards,
  title        = {Towards scalable and robust sum-product networks},
  author       = {Correia, Alvaro HC and de Campos, Cassio P},
  booktitle    = {Scalable Uncertainty Management: 13th International Conference, SUM 2019, Compi{\`e}gne, France, December 16--18, 2019, Proceedings 13},
  year         = {2019},
  organization = {Springer}
}


@inproceedings{peharz2019random,
  title     = {Random sum-product networks: A simple and effective approach to probabilistic deep learning},
  author    = {Peharz, Robert and Vergari, Antonio and Stelzner, Karl and Molina, Alejandro and Shao, Xiaoting and Trapp, Martin and Kersting, Kristian and Ghahramani, Zoubin},
  booktitle = {UAI},
  year      = {2019}
}




@inproceedings{peharz2020einsum,
  title     = {Einsum networks: Fast and scalable learning of tractable probabilistic circuits},
  author    = {Peharz, Robert and Lang, Steven and Vergari, Antonio and Stelzner, Karl and Molina, Alejandro and Trapp, Martin and Van den Broeck, Guy and Kersting, Kristian and Ghahramani, Zoubin},
  booktitle = {ICML},
  year      = {2020}
}

@inproceedings{zhang2020relationship,
  title        = {On the relationship between probabilistic circuits and determinantal point processes},
  author       = {Zhang, Honghua and Holtzen, Steven and Broeck, Guy},
  booktitle    = {UAI},
  pages        = {1188--1197},
  year         = {2020},
  organization = {PMLR}
}



@article{loconte2025relationship,
  title   = {What is the Relationship between Tensor Factorizations and Circuits (and How Can We Exploit it)?},
  author  = {Lorenzo Loconte and Antonio Mari and Gennaro Gala and Robert Peharz and Cassio de Campos and Erik Quaeghebeur and Gennaro Vessio and Antonio Vergari},
  journal = {Transactions on Machine Learning Research},
  year    = {2025},
  note    = {Featured Certification}
}



@article{dechter2007and,
  title     = {AND/OR search spaces for graphical models},
  author    = {Dechter, Rina and Mateescu, Robert},
  journal   = {Artificial intelligence},
  volume    = {171},
  number    = {2-3},
  pages     = {73--106},
  year      = {2007},
  publisher = {Elsevier}
}

@inproceedings{pipatsrisawat2008new,
  title     = {New Compilation Languages Based on Structured Decomposability.},
  author    = {Pipatsrisawat, Knot and Darwiche, Adnan},
  booktitle = {AAAI},
  volume    = {8},
  pages     = {517--522},
  year      = {2008}
}

@article{loconte2024faster,
  title   = {On Faster Marginalization with Squared Circuits via Orthonormalization},
  author  = {Loconte, Lorenzo and Vergari, Antonio},
  journal = {arXiv preprint arXiv:2412.07883},
  year    = {2024}
}





@inproceedings{vergari2021compositional,
  title     = {A compositional atlas of tractable circuit operations for probabilistic inference},
  author    = {Vergari, Antonio and Choi, YooJung and Liu, Anji and Teso, Stefano and Van den Broeck, Guy},
  booktitle = {NeurIPS},
  year      = {2021}
}

@article{shih2021hyperspns,
  title   = {Hyperspns: Compact and expressive probabilistic circuits},
  author  = {Shih, Andy and Sadigh, Dorsa and Ermon, Stefano},
  journal = {NeurIPS},
  year    = {2021}
}


@inproceedings{zhang2021probabilistic,
  title        = {Probabilistic generating circuits},
  author       = {Zhang, Honghua and Juba, Brendan and Van den Broeck, Guy},
  booktitle    = {ICML},
  pages        = {12447--12457},
  year         = {2021},
  organization = {PMLR}
}


@inproceedings{decolnet2021compilation,
  title     = {A Compilation of Succinctness Results for Arithmetic Circuits},
  author    = {de Colnet, Alexis and Mengel, Stefan},
  booktitle = {KR},
  year      = {2021}
}

@inproceedings{liu2021tractable,
  title     = {Tractable regularization of probabilistic circuits},
  author    = {Liu, Anji and Van den Broeck, Guy},
  booktitle = {NeurIPS},
  year      = {2021}
}

@inproceedings{dang2022sparse,
  title     = {Sparse probabilistic circuits via pruning and growing},
  author    = {Dang, Meihua and Liu, Anji and Van den Broeck, Guy},
  booktitle = {NeurIPS},
  year      = {2022}
}

@inproceedings{harviainen2023inference,
  title        = {On inference and learning with probabilistic generating circuits},
  author       = {Harviainen, Juha and Ramaswamy, Vaidyanathan Peruvemba and Koivisto, Mikko},
  booktitle    = {UAI},
  pages        = {829--838},
  year         = {2023},
  organization = {PMLR}
}

@inproceedings{sladek2023encoding,
  title     = {Encoding Negative Dependencies in Probabilistic Circuits},
  author    = {Sladek, Aleksanteri Mikulus and Trapp, Martin and Solin, Arno},
  booktitle = {Workshop on Tractable Probabilistic Modeling},
  year      = {2023}
}



@inproceedings{zuidberg2024probabilistic,
  title     = {Probabilistic Neural Circuits},
  author    = {Zuidberg Dos Martires, Pedro},
  booktitle = {AAAI},
  year      = {2024}
}


@inproceedings{loconte2024subtractive,
  title     = {Subtractive Mixture Models via Squaring: Representation and Learning},
  author    = {Loconte, Lorenzo and Sladek, Aleksanteri M and Mengel, Stefan and Trapp, Martin and Solin, Arno and Gillis, Nicolas and Vergari, Antonio},
  booktitle = {ICLR},
  year      = {2024}
}


@inproceedings{gala2024probabilistic,
  title     = {Probabilistic Integral Circuits},
  author    = {Gala, Gennaro and de Campos, Cassio and Peharz, Robert and Vergari, Antonio and Quaeghebeur, Erik},
  booktitle = {AIStats},
  year      = {2024}
}




@inproceedings{agarwalprobabilistic,
  title     = {Probabilistic Generating Circuits-Demystified},
  author    = {Agarwal, Sanyam and Bl{\"a}ser, Markus},
  booktitle = {Forty-first International Conference on Machine Learning},
  year      = {2024}
}


@inproceedings{loconte2025sum,
  title     = {Sum of Squares Circuits},
  author    = {Lorenzo Loconte and Stefan Mengel and Antonio Vergari},
  year      = {2025},
  booktitle = {AAAI}
}



@inproceedings{wangrelationship,
  title     = {On the Relationship between Monotone and Squared Probabilistic Circuits},
  author    = {Wang, Benjie and Van den Broeck, Guy},
  year      = {2025},
  booktitle = {AAAI}
}

@article{khosravi2019tractable,
  title   = {On tractable computation of expected predictions},
  author  = {Khosravi, Pasha and Choi, YooJung and Liang, Yitao and Vergari, Antonio and Van den Broeck, Guy},
  journal = {Advances in Neural Information Processing Systems},
  volume  = {32},
  year    = {2019}
}

@inproceedings{liuscaling,
  title     = {Scaling Tractable Probabilistic Circuits: A Systems Perspective},
  author    = {Liu, Anji and Ahmed, Kareem and Van den Broeck, Guy},
  booktitle = {Forty-first International Conference on Machine Learning},
  year      = {2024}
}

@article{choi2020probabilistic,
  title   = {Probabilistic circuits: A unifying framework for tractable probabilistic models},
  author  = {Choi, Y and Vergari, Antonio and Van den Broeck, Guy},
  journal = {UCLA. URL: http://starai. cs. ucla. edu/papers/ProbCirc20. pdf},
  pages   = {6},
  year    = {2020}
}


@inproceedings{ZhangCoLoRAI25b,
  author    = {Zhang, Honghua and Wang, Benjie and Dang, Meihua and Peng, Nanyun and Ermon, Stefano and Van den Broeck, Guy},
  title     = {Scaling Up Probabilistic Circuits via Monarch Matrices},
  booktitle = {Connecting Low-Rank Representations in AI},
  year      = {2025}
}


% first order


@article{richardson2006markov,
  title     = {Markov logic networks},
  author    = {Richardson, Matthew and Domingos, Pedro},
  journal   = {Machine learning},
  volume    = {62},
  pages     = {107--136},
  year      = {2006},
  publisher = {Springer}
}


@article{buchman2017negative,
  title     = {Negative probabilities in probabilistic logic programs},
  author    = {Buchman, David and Poole, David},
  journal   = {International Journal of Approximate Reasoning},
  volume    = {83},
  pages     = {43--59},
  year      = {2017},
  publisher = {Elsevier}
}


@inproceedings{buchman2017rules,
  title     = {Why Rules are Complex: Real-Valued Probabilistic Logic Programs are not Fully Expressive.},
  author    = {Buchman, David and Poole, David},
  booktitle = {UAI},
  year      = {2017}
}

@inproceedings{meert2014inhibited,
  title        = {Inhibited effects in CP-logic},
  author       = {Meert, Wannes and Vennekens, Joost},
  booktitle    = {Probabilistic Graphical Models: 7th European Workshop, PGM 2014, Utrecht, The Netherlands, September 17-19, 2014. Proceedings 7},
  pages        = {350--365},
  year         = {2014},
  organization = {Springer}
}

@inproceedings{kuzelka2020complex,
  title        = {Complex markov logic networks: Expressivity and liftability},
  author       = {Kuzelka, Ondrej},
  booktitle    = {Conference on Uncertainty in Artificial Intelligence},
  pages        = {729--738},
  year         = {2020},
  organization = {PMLR}
}






% theory stuff
@article{schur1911bemerkungen,
  title     = {{Bemerkungen zur Theorie der beschr{\"a}nkten Bilinearformen mit unendlich vielen Ver{\"a}nderlichen.}},
  author    = {Schur, Issai},
  year      = {1911},
  publisher = {Walter de Gruyter, Berlin/New York Berlin, New York}
}


@inproceedings{fischer1975complexity,
  title        = {The complexity of negation-limited networks—a brief survey},
  author       = {Fischer, Michael J},
  booktitle    = {Automata Theory and Formal Languages: 2nd GI Conference Kaiserslautern, May 20--23, 1975},
  pages        = {71--82},
  year         = {1975},
  organization = {Springer}
}


@inproceedings{valiant1979negation,
  title     = {Negation can be exponentially powerful},
  author    = {Valiant, Leslie G},
  booktitle = {Proceedings of the eleventh annual ACM symposium on theory of computing},
  pages     = {189--196},
  year      = {1979}
}

@article{hrubevs2009monotone,
  title     = {Monotone separations for constant degree polynomials},
  author    = {Hrube{\v{s}}, Pavel and Yehudayoff, Amir},
  journal   = {Information Processing Letters},
  volume    = {110},
  number    = {1},
  pages     = {1--3},
  year      = {2009},
  publisher = {Elsevier}
}


@article{shpilka2010arithmetic,
  title     = {Arithmetic circuits: A survey of recent results and open questions},
  author    = {Shpilka, Amir and Yehudayoff, Amir},
  journal   = {Foundations and Trends{\textregistered} in Theoretical Computer Science},
  volume    = {5},
  number    = {3--4},
  pages     = {207--388},
  year      = {2010},
  publisher = {Now Publishers, Inc.}
}


@article{riguzzi2024quantum,
  title     = {Quantum algorithms for weighted constrained sampling and weighted model counting},
  author    = {Riguzzi, Fabrizio},
  journal   = {Quantum Machine Intelligence},
  volume    = {6},
  number    = {2},
  pages     = {1--24},
  year      = {2024},
  publisher = {Springer}
}

@inproceedings{grover1996fast,
  title     = {A fast quantum mechanical algorithm for database search},
  author    = {Grover, Lov K},
  booktitle = {Proceedings of the twenty-eighth annual ACM symposium on Theory of computing},
  pages     = {212--219},
  year      = {1996}
}

@inproceedings{shor1994algorithms,
  title        = {Algorithms for quantum computation: discrete logarithms and factoring},
  author       = {Shor, Peter W},
  booktitle    = {Proceedings 35th annual symposium on foundations of computer science},
  pages        = {124--134},
  year         = {1994},
  organization = {Ieee}
}



% semiring stuff

@article{goodman1999semiring,
  title   = {Semiring parsing},
  author  = {Goodman, Joshua},
  journal = {Computational Linguistics},
  volume  = {25},
  number  = {4},
  pages   = {573--606},
  year    = {1999}
}


@inproceedings{green2007provenance,
  title     = {Provenance semirings},
  author    = {Green, Todd J and Karvounarakis, Grigoris and Tannen, Val},
  booktitle = {Proceedings of the twenty-sixth ACM SIGMOD-SIGACT-SIGART symposium on Principles of database systems},
  pages     = {31--40},
  year      = {2007}
}


@article{kimmig2017algebraic,
  title     = {Algebraic model counting},
  author    = {Kimmig, Angelika and Van den Broeck, Guy and De Raedt, Luc},
  journal   = {Journal of Applied Logic},
  volume    = {22},
  pages     = {46--62},
  year      = {2017},
  publisher = {Elsevier}
}

@article{orsini2017kproblog,
  title     = {kProbLog: an algebraic Prolog for machine learning},
  author    = {Orsini, Francesco and Frasconi, Paolo and De Raedt, Luc},
  journal   = {Machine Learning},
  volume    = {106},
  pages     = {1933--1969},
  year      = {2017},
  publisher = {Springer}
}


@inproceedings{zuidbergdosmartires2019transforming,
  title     = {Transforming Probabilistic Programs into Algebraic Circuits for Inference and Learning},
  author    = {Zuidberg Dos Martires, Pedro and Derkinderen, Vincent and Manhaeve, Robin and Meert, Wannes and Kimmig, Angelika and De Raedt, Luc},
  booktitle = {Program Transformations for Machine Learning},
  year      = {2019}
}

@article{belle2020semiring,
  title     = {Semiring programming: A semantic framework for generalized sum product problems},
  author    = {Belle, Vaishak and De Raedt, Luc},
  journal   = {International Journal of Approximate Reasoning},
  volume    = {126},
  pages     = {181--201},
  year      = {2020},
  publisher = {Elsevier}
}

@article{eiter2023semiring,
  title   = {Semiring Reasoning Frameworks in AI and Their Computational Complexity},
  author  = {Eiter, Thomas and Kiesel, Rafael},
  journal = {Journal of Artificial Intelligence Research},
  volume  = {77},
  pages   = {207--293},
  year    = {2023}
}

@article{zuidberg2023declarative,
  title   = {Declarative Probabilistic Logic Programming in Discrete-Continuous Domains},
  author  = {Zuidberg Dos Martires, Pedro and De Raedt, Luc and Kimmig, Angelika},
  journal = {arXiv preprint arXiv:2302.10674},
  year    = {2023}
}


% math & physics stuff 

@article{neumann1927wahrscheinlich,
  title   = {{Wahrscheinlichkeitstheoretischer Aufbau der Quantenmechanik}},
  author  = {von Neumann, John},
  journal = {Nachrichten von der Gesellschaft der Wissenschaften zu G{\"o}ttingen, Mathematisch-Physikalische Klasse},
  volume  = {1927},
  pages   = {245--272},
  year    = {1927}
}

@article{landau1927dampfungsproblem,
  title     = {Das d{\"a}mpfungsproblem in der wellenmechanik},
  author    = {Landau, Lev},
  journal   = {Zeitschrift f{\"u}r Physik},
  volume    = {45},
  number    = {5},
  pages     = {430--441},
  year      = {1927},
  publisher = {Springer}
}



@article{meenakshi1999product,
  title     = {On a product of positive semidefinite matrices},
  author    = {Meenakshi, AR and Rajian, C},
  journal   = {Linear algebra and its applications},
  volume    = {295},
  number    = {1-3},
  pages     = {3--6},
  year      = {1999},
  publisher = {Elsevier}
}

@article{nielsen2001quantum,
  title   = {Quantum computation and quantum information},
  author  = {Nielsen, Michael A and Chuang, Isaac L},
  journal = {Phys. Today},
  volume  = {54},
  number  = {2},
  pages   = {60},
  year    = {2001}
}

@book{wiseman2009quantum,
  title     = {Quantum measurement and control},
  author    = {Wiseman, Howard M and Milburn, Gerard J},
  year      = {2009},
  publisher = {Cambridge university press}
}


@inproceedings{glasser2019expressive,
  title     = {Expressive power of tensor-network factorizations for probabilistic modeling},
  author    = {Glasser, Ivan and Sweke, Ryan and Pancotti, Nicola and Eisert, Jens and Cirac, Ignacio},
  booktitle = {Advances in neural information processing systems},
  year      = {2019}
}




@article{han2018unsupervised,
  title     = {Unsupervised generative modeling using matrix product states},
  author    = {Han, Zhao-Yu and Wang, Jun and Fan, Heng and Wang, Lei and Zhang, Pan},
  journal   = {Physical Review X},
  volume    = {8},
  number    = {3},
  pages     = {031012},
  year      = {2018},
  publisher = {APS}
}

@article{cheng2019tree,
  title     = {Tree tensor networks for generative modeling},
  author    = {Cheng, Song and Wang, Lei and Xiang, Tao and Zhang, Pan},
  journal   = {Physical Review B},
  volume    = {99},
  number    = {15},
  pages     = {155131},
  year      = {2019},
  publisher = {APS}
}

@article{huggins2019towards,
  title     = {Towards quantum machine learning with tensor networks},
  author    = {Huggins, William and Patil, Piyush and Mitchell, Bradley and Whaley, K Birgitta and Stoudenmire, E Miles},
  journal   = {Quantum Science and technology},
  volume    = {4},
  number    = {2},
  pages     = {024001},
  year      = {2019},
  publisher = {IOP Publishing}
}



@article{gao2022enhancing,
  title     = {Enhancing generative models via quantum correlations},
  author    = {Gao, Xun and Anschuetz, Eric R and Wang, Sheng-Tao and Cirac, J Ignacio and Lukin, Mikhail D},
  journal   = {Physical Review X},
  volume    = {12},
  number    = {2},
  pages     = {021037},
  year      = {2022},
  publisher = {APS}
}

@article{ragone2023unified,
  title   = {A unified theory of barren plateaus for deep parametrized quantum circuits},
  author  = {Ragone, Michael and Bakalov, Bojko N and Sauvage, Fr{\'e}d{\'e}ric and Kemper, Alexander F and Marrero, Carlos Ortiz and Larocca, Martin and Cerezo, M},
  journal = {arXiv preprint arXiv:2309.09342},
  year    = {2023}
}

@article{biamonte2017quantum,
  title     = {Quantum machine learning},
  author    = {Biamonte, Jacob and Wittek, Peter and Pancotti, Nicola and Rebentrost, Patrick and Wiebe, Nathan and Lloyd, Seth},
  journal   = {Nature},
  volume    = {549},
  number    = {7671},
  pages     = {195--202},
  year      = {2017},
  publisher = {Nature Publishing Group UK London}
}
m 
@article{baksalary1989some,
  title     = {Some properties of matrix partial orderings},
  author    = {Baksalary, Jerzy K and Pukelsheim, Friedrich and Styan, George PH},
  journal   = {Linear Algebra and its Applications},
  volume    = {119},
  pages     = {57--85},
  year      = {1989},
  publisher = {Elsevier},
  comment   = {Kronecker, PSD, order}
}



@article{visick2000quantitative,
  title     = {A quantitative version of the observation that the Hadamard product is a principal submatrix of the Kronecker product},
  author    = {Visick, George},
  journal   = {Linear Algebra and Its Applications},
  volume    = {304},
  number    = {1-3},
  pages     = {45--68},
  year      = {2000},
  publisher = {Elsevier}
}


@article{filipiak2018properties,
  title   = {The properties of partial trace and block trace operators of partitioned matrices},
  author  = {Filipiak, Katarzyna and Klein, Daniel and Vojtkov{\'a}, Erika},
  journal = {The Electronic Journal of Linear Algebra},
  volume  = {33},
  pages   = {3--15},
  year    = {2018}
}

@article{maziero2017computing,
  title     = {Computing partial traces and reduced density matrices},
  author    = {Maziero, Jonas},
  journal   = {International Journal of Modern Physics C},
  volume    = {28},
  number    = {01},
  pages     = {1750005},
  year      = {2017},
  publisher = {World Scientific}
}


@article{kraus1983states,
  title     = {States, Effects, and Operations Fundamental Notions of Quantum Theory},
  author    = {Kraus, K},
  journal   = {Lecture Notes in Physics},
  volume    = {190},
  year      = {1983},
  publisher = {Springer Berlin Heidelberg}
}




% other stuff 

@article{wirtinger1927formalen,
  title     = {Zur formalen theorie der funktionen von mehr komplexen ver{\"a}nderlichen},
  author    = {Wirtinger, Wilhelm},
  journal   = {Mathematische Annalen},
  volume    = {97},
  number    = {1},
  pages     = {357--375},
  year      = {1927},
  publisher = {Springer}
}

@article{kreutz2009complex,
  title   = {The complex gradient operator and the CR-calculus},
  author  = {Kreutz-Delgado, Ken},
  journal = {arXiv preprint arXiv:0906.4835},
  year    = {2009}
}



@article{kingma2014adam,
  title   = {Adam: A method for stochastic optimization},
  author  = {Kingma, Diederik P and Ba, Jimmy},
  journal = {arXiv preprint arXiv:1412.6980},
  year    = {2014}
}

@article{white1992density,
  title     = {Density matrix formulation for quantum renormalization groups},
  author    = {White, Steven R},
  journal   = {Physical review letters},
  volume    = {69},
  number    = {19},
  pages     = {2863},
  year      = {1992},
  publisher = {APS}
}



@article{kulesza2012determinantal,
  title     = {Determinantal point processes for machine learning},
  author    = {Kulesza, Alex and Taskar, Ben},
  journal   = {Foundations and Trends{\textregistered} in Machine Learning},
  volume    = {5},
  number    = {2--3},
  pages     = {123--286},
  year      = {2012},
  publisher = {Now Publishers, Inc.}
}


@article{orus2014practical,
  title     = {A practical introduction to tensor networks: Matrix product states and projected entangled pair states},
  author    = {Or{\'u}s, Rom{\'a}n},
  journal   = {Annals of physics},
  volume    = {349},
  pages     = {117--158},
  year      = {2014},
  publisher = {Elsevier}
}


@article{stoudenmire2016supervised,
  title   = {Supervised learning with tensor networks},
  author  = {Stoudenmire, Edwin and Schwab, David J},
  journal = {Advances in neural information processing systems},
  year    = {2016}
}


@article{marteau2020non,
  title   = {Non-parametric models for non-negative functions},
  author  = {Marteau-Ferey, Ulysse and Bach, Francis and Rudi, Alessandro},
  journal = {Advances in neural information processing systems},
  year    = {2020}
}


@article{rudi2021psd,
  title   = {PSD representations for effective probability models},
  author  = {Rudi, Alessandro and Ciliberto, Carlo},
  journal = {Advances in Neural Information Processing Systems},
  year    = {2021}
}

@inproceedings{rogozhnikov2022einops,
  title     = {Einops: Clear and Reliable Tensor Manipulations with Einstein-like Notation},
  author    = {Alex Rogozhnikov},
  booktitle = {International Conference on Learning Representations},
  year      = {2022}
}


@inproceedings{kingma2019bit,
  title     = {Bit-swap: Recursive bits-back coding for lossless compression with hierarchical latent variables},
  author    = {Kingma, Friso and Abbeel, Pieter and Ho, Jonathan},
  booktitle = {International Conference on Machine Learning},
  year      = {2019}
}

@inproceedings{hoogeboom2019integer,
  title     = {Integer discrete flows and lossless compression},
  author    = {Hoogeboom, Emiel and Peters, Jorn and Van Den Berg, Rianne and Welling, Max},
  booktitle = {Advances in Neural Information Processing Systems},
  year      = {2019}
}

@article{carroll1970analysis,
  title     = {Analysis of individual differences in multidimensional scaling via an N-way generalization of “Eckart-Young” decomposition},
  author    = {Carroll, J Douglas and Chang, Jih-Jie},
  journal   = {Psychometrika},
  volume    = {35},
  number    = {3},
  pages     = {283--319},
  year      = {1970},
  publisher = {Springer}
}



% dataset 


@article{deng2012mnist,
  title     = {The mnist database of handwritten digit images for machine learning research},
  author    = {Deng, Li},
  journal   = {IEEE signal processing magazine},
  year      = {2012},
  publisher = {IEEE}
}

@article{xiao2017fashion,
  title   = {Fashion-mnist: a novel image dataset for benchmarking machine learning algorithms},
  author  = {Xiao, Han and Rasul, Kashif and Vollgraf, Roland},
  journal = {arXiv preprint arXiv:1708.07747},
  year    = {2017}
}

@inproceedings{cohen2017emnist,
  title     = {EMNIST: Extending MNIST to handwritten letters},
  author    = {Cohen, Gregory and Afshar, Saeed and Tapson, Jonathan and Van Schaik, Andre},
  booktitle = {2017 international joint conference on neural networks},
  year      = {2017}
}


%matrix stuff

@article{kiani2022projunn,
  title   = {projUNN: efficient method for training deep networks with unitary matrices},
  author  = {Kiani, Bobak and Balestriero, Randall and LeCun, Yann and Lloyd, Seth},
  journal = {Advances in Neural Information Processing Systems},
  volume  = {35},
  pages   = {14448--14463},
  year    = {2022}
}

@inproceedings{jing2017tunable,
  title        = {Tunable efficient unitary neural networks (eunn) and their application to rnns},
  author       = {Jing, Li and Shen, Yichen and Dubcek, Tena and Peurifoy, John and Skirlo, Scott and LeCun, Yann and Tegmark, Max and Solja{\v{c}}i{\'c}, Marin},
  booktitle    = {International Conference on Machine Learning},
  pages        = {1733--1741},
  year         = {2017},
  organization = {PMLR}
}

@inproceedings{lezcano2019cheap,
  title        = {Cheap orthogonal constraints in neural networks: A simple parametrization of the orthogonal and unitary group},
  author       = {Lezcano-Casado, Mario and Mart{\i}nez-Rubio, David},
  booktitle    = {International Conference on Machine Learning},
  pages        = {3794--3803},
  year         = {2019},
  organization = {PMLR}
}

@inproceedings{mhammedi2017efficient,
  title        = {Efficient orthogonal parametrisation of recurrent neural networks using householder reflections},
  author       = {Mhammedi, Zakaria and Hellicar, Andrew and Rahman, Ashfaqur and Bailey, James},
  booktitle    = {International Conference on Machine Learning},
  pages        = {2401--2409},
  year         = {2017},
  organization = {PMLR}
}

@article{wisdom2016full,
  title   = {Full-capacity unitary recurrent neural networks},
  author  = {Wisdom, Scott and Powers, Thomas and Hershey, John and Le Roux, Jonathan and Atlas, Les},
  journal = {Advances in neural information processing systems},
  volume  = {29},
  year    = {2016}
}

@incollection{araujo2020understanding,
  title     = {Understanding and training deep diagonal circulant neural networks},
  author    = {Araujo, Alexandre and Negrevergne, Benjamin and Chevaleyre, Yann and Atif, Jamal},
  booktitle = {ECAI 2020},
  pages     = {945--952},
  year      = {2020},
  publisher = {IOS Press}
}

@inproceedings{dao2022monarch,
  title        = {Monarch: Expressive structured matrices for efficient and accurate training},
  author       = {Dao, Tri and Chen, Beidi and Sohoni, Nimit S and Desai, Arjun and Poli, Michael and Grogan, Jessica and Liu, Alexander and Rao, Aniruddh and Rudra, Atri and R{\'e}, Christopher},
  booktitle    = {International Conference on Machine Learning},
  pages        = {4690--4721},
  year         = {2022},
  organization = {PMLR}
}
